@PROCEEDINGS{proc-disc-2009,
  title = {Proc.\ 23rd International Symposium on Distributed Computing
      (DISC, Elche, Spain, September 2009)},
  booktitle = {Proc.\ 23rd International Symposium on Distributed Computing
      (DISC, Elche, Spain, September 2009)},
  volume = 5805,
  series = {Lecture Notes in Computer Science},
  publisher = {Springer},
  address = {Berlin, Germany},
  year = {2009}
}

@article{Abril:2007:PHD:1188913.1188915,
author = {Abril, Patricia S. and Plant, Robert},
title = {The Patent Holder's Dilemma: Buy, Sell, or Troll?},
journal = {Commun. ACM},
issue_date = {January 2007},
volume = {50},
number = {1},
month = jan,
year = {2007},
issn = {0001-0782},
pages = {36--44},
numpages = {9},
url = {https://doi.org/10.1145/1188913.1188915},
doi = {10.1145/1188913.1188915},
acmid = {1188915},
publisher = {ACM},
address = {New York, NY, USA},
}

@online{knuthwebsite,
    author    = "Donald Knuth",
    title     = "Knuth: Computers and Typesetting",
    url       = "http://www-cs-faculty.stanford.edu/~uno/abcde.html",
    addendum = "(accessed: 01.09.2016)",
    keywords  = "latex,knuth"
}

@inbook{knuth-fa,
    author = "Donald E. Knuth",
    title = "Fundamental Algorithms",
    publisher = "Addison-Wesley",
    year = "1973",
    chapter = "1.2",
    keywords  = "knuth,programming"
}

